% Ways to attack two-factor authentication.
@inproceedings{adham2013attack,
  title={How to attack two-factor authentication internet banking},
  author={Adham, Manal and Azodi, Amir and Desmedt, Yvo and Karaolis, Ioannis},
  booktitle={International Conference on Financial Cryptography and Data Security},
  pages={322--328},
  year={2013},
  organization={Springer}
}

% Contains a threat library.
@article{dhillon2011developer,
  title={Developer-driven threat modeling: Lessons learned in the trenches},
  author={Dhillon, Danny},
  journal={IEEE Security \& Privacy},
  volume={9},
  number={4},
  pages={41--47},
  year={2011},
  publisher={IEEE}
}

% Analysis of STRIDE's effectiveness
@article{scandariato2015descriptive,
  title={A descriptive study of Microsoft?s threat modeling technique},
  author={Scandariato, Riccardo and Wuyts, Kim and Joosen, Wouter},
  journal={Requirements Engineering},
  volume={20},
  number={2},
  pages={163--180},
  year={2015},
  publisher={Springer}
}

% Some threat modeling basics
@inproceedings{myagmar2005threat,
  title={Threat modeling as a basis for security requirements},
  author={Myagmar, Suvda and Lee, Adam J and Yurcik, William},
  booktitle={Symposium on requirements engineering for information security (SREIS)},
  volume={2005},
  pages={1--8},
  year={2005}
}